% Encoding: UTF-8

@Article{Rogozin2010,
  author    = {Anikin, Yu A and Derbakova, E P and Dodulad, O I and Kloss, Yu Yu and Martynov, D V and Rogozin, O A and Shuvalov, P V and Tcheremissine, F G},
  title     = {Computing of gas flows in micro- and nanoscale channels on the base of the Boltzmann kinetic equation},
  journal   = {Procedia Comput. Sci.},
  year      = {2010},
  volume    = {1},
  number    = {1},
  pages     = {735--744},
  langid    = {english},
  options   = {maxnames=10},
  publisher = {Elsevier},
}

@Article{Rogozin2011,
  author    = {Додулад, О И and Клосс, Ю Ю and Мартынов, Д В and Рогозин, О А and Pябченков, В В and Черемисин, Ф Г and Шувалов, П В},
  title     = {Проблемно-моделирующая среда для расчётов и анализа газокинетических процессов},
  journal   = {Нано- и микросистемная техника},
  year      = {2011},
  number    = {2},
  pages     = {12--17},
  langid    = {russian},
  options   = {maxnames=10},
  publisher = {Новые технологии},
}

@Article{Rogozin2014,
  author    = {Rogozin, Oleg},
  title     = {Computer simulation of slightly rarefied gas flows driven by significant temperature variations and their continuum limit},
  journal   = {Theor. Comput. Fluid Dyn.},
  year      = {2014},
  volume    = {28},
  number    = {6},
  pages     = {573--587},
  langid    = {english},
  publisher = {Springer},
}

@Article{Rogozin2016,
  author  = {Rogozin, Oleg},
  title   = {{Numerical analysis of the nonlinear plane Couette-flow problem of a rarefied gas for hard-sphere molecules}},
  journal = {Eur. J. Mech. B/Fluids},
  year    = {2016},
  volume  = {60},
  pages   = {148--163},
  langid  = {english},
}

@Article{Rogozin2017,
  author  = {Рогозин, О А},
  title   = {Медленные неизотермические течения: численный и асимптотический анализ уравнения Больцмана},
  journal = {Ж. вычисл. матем. и матем. физ.},
  year    = {2017},
  volume  = {57},
  number  = {7},
  pages   = {1205--1229},
  langid  = {russian},
}

@Comment{jabref-meta: databaseType:bibtex;}
